<record><leader>00000cas a2200000 a 4500</leader><controlfield tag="001">37203735</controlfield><controlfield tag="008">970626d18971931oruwr ne      0    0eng c</controlfield><datafield ind1=" " ind2=" " tag="010"><subfield code="a">sn 96088415 </subfield></datafield><datafield ind1=" " ind2=" " tag="040"><subfield code="a">OCN</subfield><subfield code="b">eng</subfield><subfield code="c">OCN</subfield><subfield code="d">OCLCQ</subfield><subfield code="d">OCLCF</subfield><subfield code="d">OCLCO</subfield></datafield><datafield ind1="1" ind2=" " tag="029"><subfield code="a">AU@</subfield><subfield code="b">000013334157</subfield></datafield><datafield ind1=" " ind2=" " tag="042"><subfield code="a">pcc</subfield></datafield><datafield ind1=" " ind2=" " tag="043"><subfield code="a">n-us-or</subfield></datafield><datafield ind1="0" ind2="0" tag="245"><subfield code="a">Sherman County observer.</subfield></datafield><datafield ind1=" " ind2=" " tag="260"><subfield code="a">Moro, Sherman County, Or. :</subfield><subfield code="b">Ireland Bros.,</subfield><subfield code="c">1897-1931.</subfield></datafield><datafield ind1=" " ind2=" " tag="300"><subfield code="a">v.</subfield></datafield><datafield ind1=" " ind2=" " tag="310"><subfield code="a">Weekly</subfield></datafield><datafield ind1="0" ind2=" " tag="362"><subfield code="a">Vol. 10, no. 1 (Sept. 1, 1897)-Mar. 6, 1931.</subfield></datafield><datafield ind1=" " ind2=" " tag="515"><subfield code="a">Some irregularities in numbering.</subfield></datafield><datafield ind1=" " ind2=" " tag="580"><subfield code="a">Merged with: Grass Valley journal, to form: Sherman County journal.</subfield></datafield><datafield ind1=" " ind2="0" tag="651"><subfield code="a">Sherman County (Or.)</subfield><subfield code="v">Newspapers.</subfield></datafield><datafield ind1=" " ind2="0" tag="651"><subfield code="a">Moro (Or.)</subfield><subfield code="v">Newspapers.</subfield></datafield><datafield ind1=" " ind2="7" tag="655"><subfield code="a">Newspapers.</subfield><subfield code="2">fast</subfield><subfield code="0">(OCoLC)fst01423814</subfield></datafield><datafield ind1=" " ind2="7" tag="651"><subfield code="a">Oregon</subfield><subfield code="z">Moro.</subfield><subfield code="2">fast</subfield><subfield code="0">(OCoLC)fst01280933</subfield></datafield><datafield ind1=" " ind2="7" tag="651"><subfield code="a">Oregon</subfield><subfield code="z">Sherman County.</subfield><subfield code="2">fast</subfield><subfield code="0">(OCoLC)fst01216473</subfield></datafield><datafield ind1=" " ind2=" " tag="752"><subfield code="a">United States</subfield><subfield code="b">Oregon</subfield><subfield code="c">Sherman</subfield><subfield code="d">Moro.</subfield></datafield><datafield ind1="0" ind2="0" tag="780"><subfield code="t">Moro observer</subfield><subfield code="w">(DLC)sn 96088414</subfield></datafield><datafield ind1="1" ind2="7" tag="785"><subfield code="t">Grass Valley journal</subfield><subfield code="w">(DLC)sn 96088412</subfield></datafield><datafield ind1="1" ind2="7" tag="785"><subfield code="t">Sherman County journal</subfield><subfield code="w">(DLC)sn 96088413</subfield></datafield></record>